% =====================================================================
% A) Fenomenología del tráfico y teoría de tres fases
% =====================================================================

@book{kerner2004physics,
  author    = {Boris S. Kerner},
  title     = {The Physics of Traffic: Empirical Freeway Pattern Features, Engineering Applications, and Theory},
  year      = {2004},
  publisher = {Springer},
  address   = {Berlin, Heidelberg},
  isbn      = {978-3-540-20717-3},
  note      = {Foundational reference on three-phase traffic theory}
}

@article{helbing2001rmp,
  author  = {Dirk Helbing},
  title   = {Traffic and related self-driven many-particle systems},
  journal = {Reviews of Modern Physics},
  year    = {2001},
  volume  = {73},
  number  = {4},
  pages   = {1067--1141},
  doi     = {10.1103/RevModPhys.73.1067},
  url     = {https://link.aps.org/doi/10.1103/RevModPhys.73.1067}
}

@article{kerner2004phya,
  author  = {Boris S. Kerner},
  title   = {Three-phase traffic theory and highway capacity},
  journal = {Physica A: Statistical Mechanics and its Applications},
  year    = {2004},
  volume  = {333},
  pages   = {379--440},
  doi     = {10.1016/j.physa.2003.10.017},
  url     = {https://www.sciencedirect.com/science/article/pii/S0378437103009221}
}

@article{kerner2009pre,
  author  = {Boris S. Kerner and Sergey L. Klenov},
  title   = {Phase transitions in traffic flow on multilane roads},
  journal = {Physical Review E},
  year    = {2009},
  volume  = {80},
  number  = {5},
  pages   = {056101},
  doi     = {10.1103/PhysRevE.80.056101},
  url     = {https://link.aps.org/doi/10.1103/PhysRevE.80.056101}
}

@book{treiber2013tfd,
  author    = {Martin Treiber and Arne Kesting},
  title     = {Traffic Flow Dynamics: Data, Models and Simulation},
  year      = {2013},
  publisher = {Springer},
  address   = {Berlin, Heidelberg},
  doi       = {10.1007/978-3-642-32460-4},
  isbn      = {978-3-642-32459-8},
  url       = {https://link.springer.com/book/10.1007/978-3-642-32460-4}
}

% =====================================================================
% B) Lógica difusa (FIS) en control de tráfico
% =====================================================================

@article{chou2002infosci,
  author  = {Cheng-Hung Chou and Ching-Chung Teng},
  title   = {A fuzzy logic controller for traffic junction signals},
  journal = {Information Sciences},
  year    = {2002},
  volume  = {143},
  number  = {1-4},
  pages   = {73--97},
  doi     = {10.1016/S0020-0255(02)00199-8},
  url     = {https://www.sciencedirect.com/science/article/pii/S0020025502001998}
}

@article{niittymaki2000tpt,
  author  = {Jarkko Niittym{\"a}ki},
  title   = {General fuzzy rule base for isolated traffic signal control—rule formulation},
  journal = {Transportation Planning and Technology},
  year    = {2000},
  volume  = {24},
  number  = {3},
  pages   = {227--247},
  doi     = {10.1080/03081060108717669},
  url     = {https://www.tandfonline.com/doi/abs/10.1080/03081060108717669}
}

% (Tu original sobre FIS/ML comparativo)
@article{zhao2021adaptive,
  author  = {Y. Zhao and T. Zhang and W. Liu},
  title   = {Adaptive traffic signal control: A comparative study of machine learning approaches},
  journal = {Sensors},
  volume  = {21},
  number  = {9},
  pages   = {2934},
  year    = {2021},
  doi     = {10.3390/s21092934}
}

% =====================================================================
% C) PSO aplicado a semáforos y optimización de tráfico
% =====================================================================

@article{gokce2015pso,
  author  = {M. A. G{\"o}k{\c{c}}e and {others}},
  title   = {Traffic signal optimization with Particle Swarm Optimization for signalized roundabouts},
  journal = {SIMULATION},
  year    = {2015},
  volume  = {91},
  number  = {6},
  pages   = {526--536},
  doi     = {10.1177/0037549715581473},
  url     = {https://journals.sagepub.com/doi/10.1177/0037549715581473}
}

@article{celtek2020measurement,
  author  = {S. A. Celtek and {others}},
  title   = {Real-time traffic signal control with swarm optimization methods},
  journal = {Measurement},
  year    = {2020},
  volume  = {166},
  pages   = {108206},
  doi     = {10.1016/j.measurement.2020.108206},
  url     = {https://www.sciencedirect.com/science/article/pii/S0263224120307442}
}

% (Tu original de revisión/optimización urbana)
@article{li2023urban,
  author  = {X. Li and W. Zhang and Y. Liu and R. Wang},
  title   = {Urban traffic optimization: A systematic review of current practices and research directions},
  journal = {IEEE Access},
  volume  = {11},
  pages   = {19427--19445},
  year    = {2023},
  doi     = {10.1109/ACCESS.2023.3242248}
}

% =====================================================================
% D) Clustering jerárquico (HC) y análisis de congestión
% =====================================================================

@article{nguyen2019trc,
  author  = {Thi Thanh Nguyen and {others}},
  title   = {Feature extraction and clustering analysis of highway traffic states},
  journal = {Transportation Research Part C: Emerging Technologies},
  year    = {2019},
  volume  = {100},
  pages   = {238--258},
  issn    = {0968-090X},
  url     = {https://www.sciencedirect.com/science/article/pii/S0968090X1830891X}
}

@article{wang2023sensorsHC,
  author  = {Wei Wang and Yujia Xie and Luliang Tang},
  title   = {Hierarchical Clustering Algorithm for Multi-Camera Vehicle Trajectories Based on Spatio-Temporal Grouping under Intelligent Transportation and Smart City},
  journal = {Sensors},
  year    = {2023},
  volume  = {23},
  number  = {15},
  pages   = {6909},
  doi     = {10.3390/s23156909},
  url     = {https://www.mdpi.com/1424-8220/23/15/6909}
}

@article{rouky2024daj,
  author  = {Naoufal Rouky and Abdellah Bousouf and Othmane Benmoussa and Mouhsene Fri},
  title   = {A spatiotemporal analysis of traffic congestion patterns using clustering algorithms: A case study of Casablanca},
  journal = {Decision Analytics Journal},
  year    = {2024},
  volume  = {10},
  pages   = {100404},
  doi     = {10.1016/j.dajour.2024.100404},
  url     = {https://www.sciencedirect.com/science/article/pii/S2772662224000080}
}

@article{zhang2022trc-cluster,
  author  = {Peitong Zhang and {others}},
  title   = {Cluster analysis of day-to-day traffic data in networks},
  journal = {Transportation Research Part C: Emerging Technologies},
  year    = {2022},
  note    = {Artículo de referencia sobre selección de n\textsuperscript{o} de clúster (Silhouette/DBI); incluir DOI/volumen al compilar},
  url     = {https://www.sciencedirect.com/science/article/pii/S0968090X22002959}
}

% =====================================================================
% E) IoT / LoRaWAN para monitoreo urbano
% =====================================================================

@article{astarita2023iot,
  author  = {V. Astarita and D. C. Festa and V. P. Giofr{\'e}},
  title   = {An IoT-based centralized architecture for urban traffic monitoring},
  journal = {IEEE Internet of Things Journal},
  year    = {2023},
  volume  = {10},
  number  = {6},
  pages   = {5124--5135},
  doi     = {10.1109/JIOT.2022.3224567}
}

@inproceedings{aneiba2019lorawan,
  author    = {Adel Aneiba and John Hayes and Brett Nangle and Mohammad Nour Albaarini},
  title     = {Real-time IoT Urban Road Traffic Data Monitoring using LoRaWAN},
  booktitle = {Proceedings of the 9th International Conference on the Internet of Things (IoT 2019)},
  year      = {2019},
  pages     = {Article A20},
  publisher = {ACM},
  doi       = {10.1145/3365871.3365891},
  url       = {https://doi.org/10.1145/3365871.3365891}
}

@article{asiain2021smartroad,
  author  = {David Asiain and Diego Antol{\'i}n},
  title   = {LoRa-Based Traffic Flow Detection for Smart-Road},
  journal = {Sensors},
  year    = {2021},
  volume  = {21},
  number  = {2},
  pages   = {338},
  doi     = {10.3390/s21020338},
  url     = {https://www.mdpi.com/1424-8220/21/2/338}
}

@article{povalac2023loratraffic,
  author  = {Ales Povalac and {others}},
  title   = {Exploring LoRaWAN Traffic: In-Depth Analysis of IoT Network Communications},
  journal = {Sensors},
  year    = {2023},
  volume  = {23},
  number  = {17},
  pages   = {7333},
  doi     = {10.3390/s23177333},
  url     = {https://www.mdpi.com/1424-8220/23/17/7333}
}

@article{dobrilovic2022wireless,
  author  = {Dragan Dobrilovi{\'c} and {others}},
  title   = {The urban traffic noise monitoring system based on LoRaWAN technology},
  journal = {Wireless Networks},
  year    = {2022},
  volume  = {28},
  pages   = {3201--3219},
  doi     = {10.1007/s11276-021-02586-2},
  url     = {https://link.springer.com/article/10.1007/s11276-021-02586-2}
}

% =====================================================================
% F) Almacenamiento verificable, trazabilidad y reproducibilidad (Blockchain/DAG)
% =====================================================================

@article{islam2023blockchain,
  author  = {M. H. R. Islam and T. Ahmed and H. Kim},
  title   = {Blockchain-based secure and transparent urban traffic management system},
  journal = {IEEE Access},
  volume  = {11},
  pages   = {88321--88333},
  year    = {2023},
  doi     = {10.1109/ACCESS.2023.3289092}
}

@article{jabbar2022itsblockchain,
  author  = {Rateb Jabbar and {others}},
  title   = {Blockchain Technology for Intelligent Transportation Systems: A Systematic Literature Review},
  journal = {IEEE Access},
  year    = {2022},
  volume  = {10},
  pages   = {20995--21031},
  doi     = {10.1109/ACCESS.2022.3149958},
  url     = {https://ieeexplore.ieee.org/document/9707737}
}

@inproceedings{sivagnanam2019osc,
  author    = {Subhashini Sivagnanam and Viswanath Nandigam and Kai Lin},
  title     = {Introducing the Open Science Chain: Protecting Integrity and Provenance of Research Data},
  booktitle = {PEARC '19: Practice and Experience in Advanced Research Computing},
  year      = {2019},
  pages     = {Article 18, 1--5},
  doi       = {10.1145/3332186.3332203},
  url       = {https://dl.acm.org/doi/10.1145/3332186.3332203}
}

@inproceedings{wittek2021dlr,
  author    = {K. Wittek and {others}},
  title     = {A Blockchain-Based Approach to Provenance and Reproducibility in Research Workflows},
  booktitle = {2021 IEEE International Conference on Blockchain and Cryptocurrency (ICBC)},
  year      = {2021},
  pages     = {1--6},
  doi       = {10.1109/ICBC51069.2021.9461095},
  url       = {https://elib.dlr.de/142470/1/212995_1.pdf}
}

@article{eckermann2021blockchain,
  author  = {M. Eckermann and F. Kretz and I. Pippow and R. Anderl},
  title   = {A performance analysis of Ethereum, IOTA and Hyperledger Fabric for Industry 4.0 applications},
  journal = {Procedia CIRP},
  volume  = {104},
  pages   = {44--49},
  year    = {2021},
  doi     = {10.1016/j.procir.2021.11.008}
}

@article{wang2023blockdag,
  author  = {X. Wang and H. Liu and W. Zhang},
  title   = {BlockDAG-based public ledger: Performance analysis and comparison with blockchain},
  journal = {IEEE Transactions on Network and Service Management},
  volume  = {20},
  number  = {1},
  pages   = {45--56},
  year    = {2023},
  doi     = {10.1109/TNSM.2022.3225058}
}

@inproceedings{sompolinsky2015phantom,
  author    = {Yonatan Sompolinsky and Aviv Zohar},
  title     = {PHANTOM: A scalable blockDAG protocol},
  booktitle = {Financial Cryptography and Data Security (preprint/working paper)},
  year      = {2015},
  note      = {Versión formal y variantes GHOSTDAG publicadas posteriormente},
  url       = {https://www.semanticscholar.org/paper/PHANTOM%3A-A-Scalable-BlockDAG-Protocol-Sompolinsky-Zohar/50bc77f3ec070940b1923b823503a4c2b09e9921}
}

@article{popov2021iota,
  author  = {Sergey Popov},
  title   = {The Tangle: An overview of the IOTA architecture},
  journal = {arXiv preprint arXiv:2102.06856},
  year    = {2021},
  url     = {https://arxiv.org/abs/2102.06856}
}

@misc{buterin2016ethereum,
  author       = {Vitalik Buterin},
  title        = {Ethereum: A Next-Generation Smart Contract \& Decentralized Application Platform},
  year         = {2016},
  howpublished = {\url{https://ethereum.org/en/whitepaper/}},
  note         = {White paper}
}

@misc{wood2022ethereumpos,
  author       = {Gavin Wood and collaborators},
  title        = {Ethereum Merge Documentation},
  year         = {2022},
  howpublished = {\url{https://ethereum.org/en/upgrades/merge/}},
  note         = {Proof-of-Stake (The Merge), documentación técnica}
}

@misc{azbeg2023review,
  author = {Azbeg, A. and Colaboradores},
  title  = {A Review of DAG-based Ledgers and Blockchain Variants for IoT and Intelligent Transportation},
  year   = {2023},
  note   = {Revisi{\'o}n general de ledgeres DAG/Blockchain aplicados a IoT y tr{\'a}fico. Metadatos completos por confirmar}
}

% =====================================================================
% G) Revisiones generales / ITS / Control (de apoyo a B–E)
% =====================================================================

@article{moradi2022review,
  author  = {M. Moradi and M. Fathy and A. Khosravi},
  title   = {A review on intelligent traffic control systems: Historical perspectives and future directions},
  journal = {Transportation Research Part C: Emerging Technologies},
  volume  = {144},
  pages   = {103884},
  year    = {2022},
  doi     = {10.1016/j.trc.2022.103884}
}

@inproceedings{yin2022sumobased,
  author    = {L. Yin and P. Gomez and S. Lee},
  title     = {SUMO-based traffic prediction and optimization using machine learning},
  booktitle = {Proc. IEEE Intelligent Transportation Systems Conf. (ITSC)},
  year      = {2022},
  pages     = {2386--2391},
  doi       = {10.1109/ITSC55140.2022.9922222}
}
